%% This BibTeX bibliography file was created using BibDesk.
%% http://bibdesk.sourceforge.net/


%% Created for bob at 2018-05-18 11:18:29 +1000 


%% Saved with string encoding Unicode (UTF-8) 


@STRING{SdR = {{\VAN{Rooij}{De}{de}} Rooij, Steven}}
@STRING{TVE = {{\VAN{Erven}{Van}{van}} Erven, Tim}}
@STRING{DVE = {{\VAN{Hoeven}{Van der}{van der}} Hoeven, Dirk}}

@STRING{ALT = {Algorithmic Learning Theory}}
@STRING{COLT = {Annual Conference on Learning Theory ({COLT})}}
@STRING{ICLR = {International Conference on Learning Representations ({ICLR})}}
@STRING{ICML = {Annual International Conference on Machine Learning ({ICML})}}
@String{NIPS = {Advances in Neural Information Processing Systems}}

@comment{jabref-meta: databaseType:bibtex;}

@article{lugosi2019mean,
	title={Mean estimation and regression under heavy-tailed distributions: A survey},
	author={Lugosi, G{\'a}bor and Mendelson, Shahar},
	journal={Foundations of Computational Mathematics},
	volume={19},
	number={5},
	pages={1145--1190},
	year={2019},
	publisher={Springer}
}

@inproceedings{mhammedi2019pac,
  title={PAC-Bayes Un-Expected Bernstein Inequality},
  author={Mhammedi, Zakaria and Gr{\"u}nwald, Peter and Guedj, Benjamin},
  booktitle={Advances in Neural Information Processing Systems},
  pages={12180--12191},
  year={2019}
}


@article{gerhard1988,
	author = {Gerhard Winkler},
	journal = {Mathematics of Operations Research},
	number = {4},
	pages = {581--587},
	publisher = {INFORMS},
	title = {Extreme points of moment sets},
	volume = {13},
	year = {1988}
}

@inproceedings{mhammedi19,
	author    = {Zakaria Mhammedi and
	Wouter M. Koolen and
	Tim van Erven},
	title     = {Lipschitz adaptivity with multiple learning rates in online learning},
	booktitle = {Conference on Learning Theory, {COLT} 2019, 25-28 June 2019, Phoenix,
	AZ, {USA}},
	pages     = {2490--2511},
	year      = {2019},
}

@inproceedings{bertsekas1972,
	title={Stochastic optimization problems with nondifferentiable cost functionals with an application in stochastic programming},
	author={Bertsekas, Dimitri P.},
	booktitle={Proceedings of the 1972 IEEE Conference on Decision and Control and 11th Symposium on Adaptive Processes},
	pages={555--559},
	year={1972},
	organization={IEEE}
}


@inproceedings{mcmahan2014,
	title={Unconstrained online linear learning in hilbert spaces: Minimax algorithms and normal approximations},
	author={McMahan, H. Brendan and Orabona, Francesco},
	booktitle={Conference on Learning Theory},
	pages={1020--1039},
	year={2014}
}



@inproceedings{foster2018,
	title={Online learning: Sufficient statistics and the Burkholder method},
	author={Foster, Dylan J. and Rakhlin, Alexander and Sridharan, Karthik},
	booktitle={Conference On Learning Theory},
	pages={3028--3064},
	year={2018}
}

@inproceedings{foster2017,
	title={Parameter-free online learning via model selection},
	author={Foster, Dylan J. and Kale, Satyen and Mohri, Mehryar and Sridharan, Karthik},
	booktitle={Advances in Neural Information Processing Systems},
	pages={6020--6030},
	year={2017}
}

@inproceedings{bubeck2017,
	title={Online auctions and multi-scale online learning},
	author={Bubeck, Sebastien and Devanur, Nikhil R. and Huang, Zhiyi and Niazadeh, Rad},
	booktitle={Proceedings of the 2017 ACM Conference on Economics and Computation},
	pages={497--514},
	year={2017},
	organization={ACM}
}


@article{bunch1978rank,
  title={Rank-one modification of the symmetric eigenproblem},
  author={Bunch, James R. and Nielsen, Christopher P. and Sorensen, Danny C.},
  journal={Numerische Mathematik},
  volume={31},
  number={1},
  pages={31--48},
  year={1978},
  publisher={Springer}
}

@article{cutkosky2019artificial,
  title={Artificial Constraints and Lipschitz Hints for Unconstrained Online Learning},
  author={Cutkosky, Ashok},
  journal={arXiv preprint arXiv:1902.09013},
  year={2019}
}


@inproceedings{makhrova2016set,
	Author = {Makhrova, EN and Vaniukova, KS},
	Booktitle = {Journal of Physics: Conference Series},
	Number = {1},
	Organization = {IOP Publishing},
	Pages = {012012},
	Title = {On the set of non-wandering points of monotone maps on local dendrites},
	Volume = {692},
	Year = {2016}}

@article{merentes2010remarks,
	Author = {Merentes, Nelson and Nikodem, Kazimierz},
	Journal = {Aequationes mathematicae},
	Number = {1},
	Pages = {193--199},
	Publisher = {Springer},
	Title = {Remarks on strongly convex functions},
	Volume = {80},
	Year = {2010}}

@article{DBLP:journals/neco/Amari98,
	Author = {Shun{-}ichi Amari},
	Journal = {Neural Computation},
	Number = {2},
	Pages = {251--276},
	Timestamp = {Sun, 28 May 2017 13:19:03 +0200},
	Title = {Natural Gradient Works Efficiently in Learning},
	Volume = {10},
	Year = {1998}}

@article{DBLP:journals/ml/OrabonaCC15,
	Author = {Francesco Orabona and Koby Crammer and Nicol{\`{o}} Cesa{-}Bianchi},
	Journal = {Machine Learning},
	Number = {3},
	Pages = {411--435},
	Timestamp = {Sun, 28 May 2017 13:18:23 +0200},
	Title = {A generalized online mirror descent with applications to classification and regression},
	Volume = {99},
	Year = {2015}}

@book{bernstein11,
	Abstract = {When first published in 2005, Matrix Mathematics quickly became the essential reference book for users of matrices in all branches of engineering, science, and applied mathematics. In this fully updated and expanded edition, the author brings together the latest results on matrix theory to make this the most complete, current, and easy-to-use book on matrices. Each chapter describes relevant background theory followed by specialized results. Hundreds of identities, inequalities, and matrix facts are stated clearly and rigorously with cross references, citations to the literature, and illuminat.},
	Author = {Bernstein, Dennis S.},
	Edition = {Second},
	Publisher = {Princeton University Press},
	Refid = {781453958},
	Title = {Matrix Mathematics: Theory, Facts, and Formulas},
	Year = 2011}

@article{dawid2007geometry,
	Author = {Dawid, A. Philip},
	Journal = {Annals of the Institute of Statistical Mathematics},
	Number = {1},
	Pages = {77--93},
	Publisher = {Springer},
	Title = {The geometry of proper scoring rules},
	Volume = {59},
	Year = {2007}}

@article{kassay2009convexity,
	Author = {Kassay, G{\'a}bor and Pintea, Cornel and Szenkovits, Ferenc},
	Journal = {Taiwanese Journal of Mathematics},
	Pages = {675--686},
	Publisher = {JSTOR},
	Title = {On convexity of preimages of monotone operators},
	Year = {2009}}

@article{DBLP:journals/jmlr/MahonyW01,
	Author = {Robert E. Mahony and Robert C. Williamson},
	Journal = {Journal of Machine Learning Research},
	Pages = {311--355},
	Timestamp = {Tue, 12 Feb 2002 16:24:44 +0100},
	Title = {Prior Knowledge and Preferential Structures in Gradient Descent Learning Algorithms},
	Volume = {1},
	Year = {2001}}

@book{thorpe2012elementary,
	Author = {Thorpe, John A.},
	Publisher = {Springer Science \& Business Media},
	Title = {Elementary Topics in Differential Geometry},
	Year = {1994}}

@article{DBLP:journals/jmlr/WilliamsonVR16,
	Author = {Robert C. Williamson and Elodie Vernet and Mark D. Reid},
	Journal = {Journal of Machine Learning Research},
	Pages = {223:1--223:52},
	Timestamp = {Mon, 31 Jul 2017 15:00:40 +0200},
	Title = {Composite Multiclass Losses},
	Volume = {17},
	Year = {2016}}

@article{DBLP:journals/corr/Kamalaruban16,
	Archiveprefix = {arXiv},
	Author = {Parameswaran Kamalaruban},
	Eprint = {1609.02383},
	Journal = {CoRR},
	Timestamp = {Wed, 07 Jun 2017 14:42:16 +0200},
	Title = {Improved Optimistic Mirror Descent for Sparsity and Curvature},
	Volume = {abs/1609.02383},
	Year = {2016}}

@article{DBLP:journals/tit/RaskuttiM15,
	Author = {Garvesh Raskutti and Sayan Mukherjee},
	Journal = {{IEEE} Transactions on Information Theory},
	Number = {3},
	Pages = {1451--1457},
	Timestamp = {Sun, 28 May 2017 13:18:32 +0200},
	Title = {The Information Geometry of Mirror Descent},
	Volume = {61},
	Year = {2015}}

@article{DBLP:journals/jmlr/ErvenRW12,
	Author = TVE #{ and Mark D. Reid and Robert C. Williamson},
	Journal = {Journal of Machine Learning Research},
	Pages = {1639--1663},
	Timestamp = {Tue, 23 Jul 2013 13:39:13 +0200},
	Title = {Mixability is {B}ayes Risk Curvature Relative to Log Loss},
	Volume = {13},
	Year = {2012}}

@misc{Aubin1998,
	Author = {Aubin, JP},
	Publisher = {Springer-Verlag, Berlin,},
	Title = {Optima and equilibria, volume 140 of Graduate Texts in Mathematics},
	Year = {1998}}

@misc{Hiriart-Urruty,
	Author = {Hiriart-Urruty, J-B. and Lemar{\'e}chal, C.},
	Publisher = {Springer, New York},
	Title = {Fundamentals of Convex Analysis.},
	Year = {2001}}

@article{Vovk1998,
	Author = {Vovk, Vladimir},
	Journal = {Journal of Computer and System Sciences},
	Number = {2},
	Pages = {153--173},
	Publisher = {Elsevier},
	Title = {A game of prediction with expert advice},
	Volume = {56},
	Year = {1998}}

@inproceedings{Steinhardt2014,
	Author = {Steinhardt, Jacob and Liang, Percy},
	Booktitle = {International Conference on Machine Learning},
	Pages = {1593--1601},
	Title = {Adaptivity and optimism: An improved exponentiated gradient algorithm},
	Year = {2014}}

@inproceedings{Williamson2014,
	Author = {Williamson, Robert C.},
	Booktitle = {Conference on Learning Theory},
	Pages = {1078--1108},
	Title = {The geometry of losses},
	Year = {2014}}

@article{Robbin2011,
	Author = {Robbin, Joel W. and Salamon, Dietmar A.},
	Date-Modified = {2018-05-18 01:17:51 +0000},
	Title = {Introduction to differential geometry, ETH, Lecture Notes},
	Year = {2011}}

@misc{Holder2005,
	Author = {Holder, Allen},
	Publisher = {San},
	Title = {An Introduction to Mathematical Optimization},
	Year = {2005}}

@misc{Rockafellar1997a,
	Author = {Rockafellar, R. Tyrrell},
	Howpublished = {Princeton University Press, Princeton, NJ},
	Publisher = {Princeton University Press, Princeton, NJ},
	Title = {Convex Analysis.},
	Year = {1997}}

@inproceedings{Kamalaruban2015,
	Author = {Kamalaruban, Parameswaran and Williamson, Robert and Zhang, Xinhua},
	Booktitle = {Conference on Learning Theory},
	Pages = {1035--1065},
	Title = {Exp-concavity of proper composite losses},
	Year = {2015}}

@article{Chernov2010,
	Author = {Chernov, Alexey and Kalnishkan, Yuri and Zhdanov, Fedor and Vovk, Vladimir},
	Journal = {Theoretical Computer Science},
	Number = {29-30},
	Pages = {2647--2669},
	Publisher = {Elsevier},
	Title = {Supermartingales in prediction with expert advice},
	Volume = {411},
	Year = {2010}}

@book{Agarwal2001,
	Author = {Agarwal, Ravi P and Meehan, Maria and O'Regan, Donal},
	Date-Modified = {2018-05-18 01:17:10 +0000},
	Publisher = {Cambridge university press},
	Title = {Fixed point theory and applications},
	Year = {2001}}

@book{Rudin1964,
	Author = {Rudin, Walter },
	Date-Modified = {2018-05-18 01:18:14 +0000},
	Publisher = {McGraw-Hill},
	Title = {Principles of mathematical analysis},
	Volume = {3},
	Year = {1964}}

@book{Borwein2010,
	Author = {Borwein, Jonathan M. and Vanderwerff, Jon D. and others},
	Publisher = {Cambridge University Press Cambridge},
	Title = {Convex functions: constructions, characterizations and counterexamples},
	Volume = {109},
	Year = {2010}}

@inproceedings{Reid2015,
	Author = {Reid, Mark D. and Frongillo, Rafael M. and Williamson, Robert C. and Mehta, Nishant},
	Booktitle = {Conference on Learning Theory},
	Pages = {1501--1522},
	Title = {Generalized mixability via entropic duality},
	Year = {2015}}

@incollection{Vovk2015,
	Author = {Vovk, Vladimir},
	Booktitle = {Fields of Logic and Computation II},
	Pages = {307--318},
	Publisher = {Springer},
	Title = {The fundamental nature of the log loss function},
	Year = {2015}}

@inproceedings{Joulani2013,
	Author = {Joulani, Pooria and Gyorgy, Andras and Szepesv{\'a}ri, Csaba},
	Booktitle = {International Conference on Machine Learning},
	Pages = {1453--1461},
	Title = {Online learning under delayed feedback},
	Year = {2013}}

@article{Still2012,
	Author = {Still, Susanne and Sivak, David A and Bell, Anthony J and Crooks, Gavin E},
	Journal = {Physical review letters},
	Number = {12},
	Pages = {120604},
	Publisher = {APS},
	Title = {Thermodynamics of prediction},
	Volume = {109},
	Year = {2012}}

@article{Merhav2011,
	Author = {Merhav, Neri},
	Journal = {IEEE Transactions on Information Theory},
	Number = {8},
	Pages = {4926--4939},
	Publisher = {IEEE},
	Title = {Data processing theorems and the second law of thermodynamics},
	Volume = {57},
	Year = {2011}}

@article{Beck2003,
	Author = {Beck, Amir and Teboulle, Marc},
	Journal = {Operations Research Letters},
	Number = {3},
	Pages = {167--175},
	Publisher = {Elsevier},
	Title = {Mirror descent and nonlinear projected subgradient methods for convex optimization},
	Volume = {31},
	Year = {2003}}

@article{Vovk2009,
	Author = {Vovk, Vladimir and Zhdanov, Fedor},
	Date-Modified = {2018-05-18 01:18:29 +0000},
	Journal = {Journal of Machine Learning Research},
	Number = {Nov},
	Pages = {2445--2471},
	Title = {Prediction with expert advice for the {Brier} game},
	Volume = {10},
	Year = {2009}}

@article{Kalnishkan2008,
	Author = {Kalnishkan, Yuri and Vyugin, Michael V.},
	Journal = {Journal of Computer and System Sciences},
	Number = {8},
	Pages = {1228--1244},
	Publisher = {Elsevier},
	Title = {The weak aggregating algorithm and weak mixability},
	Volume = {74},
	Year = {2008}}

@article{Kalnishkan2004,
	Author = {Kalnishkan, Yuri and Vovk, Volodya and Vyugin, Michael V.},
	Journal = {Theoretical Computer Science},
	Number = {2},
	Pages = {195--207},
	Publisher = {Elsevier},
	Title = {Loss functions, complexities, and the Legendre transformation},
	Volume = {313},
	Year = {2004}}

@article{Vovk2001,
	__Markedentry = {[zakariamhammedi:]},
	Author = {Vovk, Volodya},
	Journal = {International Statistical Review},
	Number = {2},
	Pages = {213--248},
	Publisher = {Wiley Online Library},
	Title = {Competitive On-line Statistics},
	Volume = {69},
	Year = {2001}}

}
@book{hardy2008,
  title={A Course of Pure Mathematics Centenary Edition},
  author={Hardy, G.H. and K{\"o}rner, T.W.},
  isbn={9780521720557},
  lccn={52011156},
  series={Cambridge Mathematical Library},
  comment-url={https://books.google.nl/books?id=9mZPVdgCOfQC},
  year={2008},
  publisher={Cambridge University Press}
}

@inproceedings{Erven2016,
  author    = TVE # { and
               Wouter M. Koolen},
  title     = {MetaGrad: Multiple Learning Rates in Online Learning},
  booktitle = NIPS # { 29 ({NIPS})},
  pages     = {3666--3674},
  year      = {2016},
}

@inproceedings{McMahanAbernethy2013,
title = {Minimax Optimal Algorithms for Unconstrained Linear Optimization},
author = {McMahan, Brendan and Abernethy, Jacob},
booktitle = NIPS # { 26 ({NIPS})},
comment-editor = {C. J. C. Burges and L. Bottou and M. Welling and Z. Ghahramani and K. Q. Weinberger},
pages = {2724--2732},
year = {2013},
comment-publisher = {Curran Associates, Inc.},
comment-url = {http://papers.nips.cc/paper/5148-minimax-optimal-algorithms-for-unconstrained-linear-optimization.pdf}
}

@INPROCEEDINGS{GaillardStoltzVanErven2014,
  author = {Pierre Gaillard and Gilles Stoltz and } # TVE,
  title = {A Second-order Bound with Excess Losses},
  booktitle = {Proc.\ of the 27th } #COLT,
  year = {2014},
  pages = {176--196}
}

@inproceedings{koolen2015,
  title={Second-order quantile methods for experts and combinatorial games},
  author={Wouter M. Koolen and } # TVE,
  booktitle={Conference on Learning Theory},
  pages={1155--1175},
  year={2015}
}
@inproceedings{cutkosky2017,
  title={Stochastic and Adversarial Online Learning without Hyperparameters},
  author={Ashok Cutkosky and Kwabena A. Boahen},
  booktitle={Advances in Neural Information Processing Systems},
  pages={5059--5067},
  year={2017}
}

@inproceedings{koolen2016,
  title={Combining adversarial guarantees and stochastic fast rates in online learning},
  author={Wouter M. Koolen and Peter D. Gr{\"u}nwald and } # TVE,
  booktitle={Advances in Neural Information Processing Systems},
  pages={4457--4465},
  year={2016}
}

@inproceedings{Foster2018,
  author    = {Dylan J. Foster and
               Alexander Rakhlin and
               Karthik Sridharan},
  title     = {Online Learning: Sufficient Statistics and the Burkholder Method},
  booktitle = {Conference On Learning Theory, {COLT} 2018, Stockholm, Sweden, 6-9
               July 2018.},
  pages     = {3028--3064},
  year      = {2018},
}
@article{bartlett2006,
  title={Empirical minimization},
  author={Peter L. Bartlett and Shahar Mendelson},
  journal={Probability Theory and Related Fields},
  volume={135},
  number={3},
  pages={311--334},
  year={2006},
  publisher={Springer}
}

@book{oskekowski2012,
  title={Sharp martingale and semimartingale inequalities},
  author={Adam Os{\k{e}}kowski},
  volume={72},
  year={2012},
  publisher={Springer Science \& Business Media}
}

@inproceedings{hoeven18,
	title={The many faces of exponential weights in online learning},
	author    = DVE # { and } # TVE # { and
	Wojciech Kotlowski},
	booktitle={Conference On Learning Theory},
	pages={2067--2092},
	year={2018}
}

@book{cesa06,
  title={Prediction, learning, and games},
  author={Cesa-Bianchi, Nicolo and Lugosi, G{\'a}bor},
  year={2006},
  publisher={Cambridge university press}
}


@article{rooij14,
  author    = SDR # { and } # TVE # { and
               Peter D. Gr{\"{u}}nwald and
               Wouter M. Koolen},
  title     = {Follow the leader if you can, hedge if you must},
  journal   = {Journal of Machine Learning Research},
  volume    = 15,
  number    = 1,
  pages     = {1281--1316},
  year      = 2014,
  comment-url       = {http://dl.acm.org/citation.cfm?id=2638576},
}





@article{hazan10,
  author    = {Elad Hazan and
               Satyen Kale},
  title     = {Extracting certainty from uncertainty: regret bounded by variation
               in costs},
  journal   = {Machine Learning},
  volume    = 80,
  number    = {2-3},
  pages     = {165--188},
  year      = 2010,
  comment-url       = {https://doi.org/10.1007/s10994-010-5175-x},
  comment-doi       = {10.1007/s10994-010-5175-x},
}



@article{cbms07,
  author    = {Nicol{\`{o}} Cesa{-}Bianchi and
               Yishay Mansour and
               Gilles Stoltz},
  title     = {Improved second-order bounds for prediction with expert advice},
  journal   = {Machine Learning},
  volume    = 66,
  number    = {2-3},
  pages     = {321--352},
  year      = 2007,
  comment-url       = {https://doi.org/10.1007/s10994-006-5001-7},
  comment-doi       = {10.1007/s10994-006-5001-7},
}


@inproceedings{cutkosky2018,
  author    = {Ashok Cutkosky and
               Francesco Orabona},
  title     = {Black-Box Reductions for Parameter-free Online Learning in {B}anach
               Spaces},
  booktitle = {Conference On Learning Theory, {COLT} 2018, Stockholm, Sweden, 6-9
               July 2018.},
  pages     = {1493--1529},
  year      = {2018},
}

@article{bailey2005,
  title={A comparison of three high-precision quadrature schemes},
  author={Bailey, David H. and Jeyabalan, Karthik and Li, Xiaoye S.},
  journal={Experimental Mathematics},
  volume={14},
  number={3},
  pages={317--329},
  year={2005},
  publisher={Taylor \& Francis}
}

@article{stor2015,
  title={Forward stable eigenvalue decomposition of rank-one modifications of diagonal matrices},
  author={Stor, N. Jakov{\v{c}}evi{\'c} and Slapni{\v{c}}ar, Ivan and Barlow, Jesse L.},
  journal={Linear Algebra and its Applications},
  volume={487},
  pages={301--315},
  year={2015},
  publisher={Elsevier}
}


@Article{Wintenberger2017,
author="Wintenberger, Olivier",
title="Optimal learning with {B}ernstein online aggregation",
journal="Machine Learning",
year=2017,
monthcomment-="Jan",
comment-day=01,
volume=106,
number=1,
pages="119--141",
comment-issn="1573-0565",
comment-doi="10.1007/s10994-016-5592-6",
comment-url="https://doi.org/10.1007/s10994-016-5592-6"
}

@ARTICLE{Wintenberger2014Arxiv,
  author = {Olivier Wintenberger},
  title = {Optimal learning with {B}ernstein Online Aggregation},
  journal = {ArXiv:1404.1356v2 preprint},
  year = {2014}
}

@ARTICLE{WardWuBottou2018,
  author = {Rachel Ward and Xiaoxia Wu and L{\'e}on Bottou},
  title = {AdaGrad stepsizes: Sharp convergence over nonconvex landscapes, from any initialization},
  journal = {ArXiv:1806.01811 preprint},
  year = {2018}
}

@InProceedings{CutkoskyBoahen2017Impossible,
  author =    {Ashok Cutkosky and Kwabena Boahen},
  title =     {Online Learning Without Prior Information},
  booktitle = {Proceedings of the 30th } # COLT,
  year =      {2017},
  pages =     {643--677}
}

@INPROCEEDINGS{BartlettHazanRakhlin2007,
  author = {Peter L. Bartlett and Elad Hazan and Alexander Rakhlin},
  title = {Adaptive Online Gradient Descent},
  booktitle = NIPS # { 20 ({NIPS})},
  year = {2007},
  pages = {65--72},
  bibsource = {dblp computer science bibliography, http://dblp.org},
  biburl = {http://dblp.uni-trier.de/rec/bib/conf/nips/BartlettHR07},
  comment-url = {http://papers.nips.cc/paper/3319-adaptive-online-gradient-descent},
  crossref = {DBLP:conf/nips/2007},
  timestamp = {Thu, 11 Dec 2014 17:34:08 +0100}
}

@INPROCEEDINGS{McMahanStreeter2010,
  author = {H. Brendan McMahan and Matthew J. Streeter},
  title = {Adaptive Bound Optimization for Online Convex Optimization},
  booktitle = {Proceedings of the 23rd } # COLT,
  year = {2010},
  pages = {244--256},
  bibsource = {dblp computer science bibliography, http://dblp.org},
  biburl = {http://dblp.uni-trier.de/rec/bib/conf/colt/McMahanS10},
  comment-url = {http://colt2010.haifa.il.ibm.com/papers/COLT2010proceedings.pdf#page=252},
  crossref = {DBLP:conf/colt/2010},
  timestamp = {Tue, 19 Feb 2013 17:09:31 +0100}
}

@ARTICLE{DuchiHazanSinger2011,
  author = {Duchi, John and Hazan, Elad and Singer, Yoram},
  title = {Adaptive Subgradient Methods for Online Learning and Stochastic Optimization},
  journal = {Journal of Machine Learning Research},
  year = {2011},
  volume = {12},
  pages = {2121--2159}
}

@INPROCEEDINGS{SrebroEtAl2010,
  author = {Nathan Srebro and Sridharan, Karthik and Tewari, Ambuj},
  title = {Smoothness, Low Noise and Fast Rates},
  booktitle = {Advances in Neural Information Processing Systems 23},
  year = {2010},
  pages = {2199--2207}
}

@Article{McMahan2017,
  Title                    = {A Survey of Algorithms and Analysis for Adaptive Online Learning},
  Author                   = {H. Brendan McMahan},
  Journal                  = {Journal of Machine Learning Research},
  Year                     = {2017},
  Pages                    = {1--50},
  Volume                   = {18}
}

@InProceedings{OrabonaPal2015,
author="Orabona, Francesco and P{\'a}l, D{\'a}vid",
comment-editor="Chaudhuri, Kamalika
and GENTILE, CLAUDIO
and Zilles, Sandra",
title="Scale-Free Algorithms for Online Linear Optimization",
  Booktitle                = ALT # { 26 ({ALT})},
year="2015",
comment-publisher="Springer International Publishing",
comment-address="Cham",
pages="287--301"
}



@proceedings{DBLP:conf/colt/2010,
  comment-editor    = {Adam Tauman Kalai and
               Mehryar Mohri},
  title     = {Proc.\ of the 23rd } #COLT,
  comment-publisher = {Omnipress},
  year      = 2010,
  comment-isbn      = {978-0-9822529-2-5},
  timestamp = {Thu, 03 Feb 2011 13:54:56 +0100},
  biburl    = {http://dblp.uni-trier.de/rec/bib/conf/colt/2010},
  bibsource = {dblp computer science bibliography, http://dblp.org}
}


@proceedings{DBLP:conf/nips/2007,
  comment-editor    = {John C. Platt and
               Daphne Koller and
               Yoram Singer and
               Sam T. Roweis},
  title     = NIPS # { 20 (NIPS)},
  comment-publisher = {Curran Associates, Inc.},
  year      = {2008},
  comment-url       = {http://papers.nips.cc/book/advances-in-neural-information-processing-systems-20-2007},
  timestamp = {Thu, 11 Dec 2014 17:34:07 +0100},
  biburl    = {http://dblp.uni-trier.de/rec/bib/conf/nips/2007},
  bibsource = {dblp computer science bibliography, http://dblp.org}
}


@Misc{squintPAC,
  author = 	 {Wouter M. Koolen},
  title = 	 {The Relative Entropy Bound for {Squint}},
  month = 	 Aug,
  year = 	 2015,
  comment-url={http://blog.wouterkoolen.info/Squint_PAC/post.html},
  note = 	 {Adversarial Intelligence blog}}

@Article{HazanOCOBook2016,
  Title                    = {Introduction to Online Convex Optimization},
  Author                   = {Elad Hazan},
  Journal                  = {Foundations and Trends in Optimization},
  Year                     = {2016},
  Number                   = {3--4},
  Pages                    = {157--325},
  Volume                   = {2},
  Comment-note             = {Available from \comment-url{http://ocobook.cs.princeton.edu}}
}

@Article{ShalevShwartz2011,
  Title                    = {Online Learning and Online Convex Optimization},
  Author                   = {Shai Shalev-Shwartz},
  Journal                  = {Foundations and Trends in Machine Learning},
  Year                     = {2011},
  Number                   = {2},
  Pages                    = {107--194},
  Volume                   = {4}
}

@Article{HazanAgarwalKale2007,
  Title                    = {Logarithmic regret algorithms for online convex optimization},
  Author                   = {Elad Hazan and Amit Agarwal and Satyen Kale},
  Journal                  = {Machine Learning},
  Year                     = {2007},
  Number                   = {2-3},
  Pages                    = {169--192},
  Volume                   = {69},
  Comment-annote           = {Special Issue for COLT 2006},
  Comment-ee               = {http://dx.doi.org/10.1007/s10994-007-5016-8},
  Comment-publisher        = {Kluwer Academic Publishers, Boston}
}

@inproceedings{Do2009,
 author = {Do, Chuong B. and Le, Quoc V. and Foo, Chuan-Sheng},
 title = {Proximal Regularization for Online and Batch Learning},
 booktitle = {Proc.\ of the 26th } #ICML,
 comment-series = {ICML '09},
 year = {2009},
 comment-isbn = {978-1-60558-516-1},
 comment-location = {Montreal, Quebec, Canada},
 pages = {257--264},
 comment-numpages = {8},
 comment-url = {http://doi.acm.org/10.1145/1553374.1553407},
 comment-doi = {10.1145/1553374.1553407},
 comment-acmid = {1553407},
 comment-publisher = {ACM},
 comment-address = {New York, NY, USA},
}

@article{LittlestoneWarmuth1994,
title = "The {W}eighted {M}ajority Algorithm",
journal = "Information and Computation",
volume = "108",
number = "2",
pages = "212--261",
year = "1994",
comment-issn = "0890-5401",
comment-doi = "https://doi.org/10.1006/inco.1994.1009",
comment-url = "http://www.sciencedirect.com/science/article/pii/S0890540184710091",
author = "Nick Littlestone and Manfred K. Warmuth"
}

@article{CesaBianchiEtAl1997,
 author = {Cesa-Bianchi, Nicol\`{o} and Freund, Yoav and Haussler, David and Helmbold, David P. and Schapire, Robert E. and Warmuth, Manfred K.},
 title = {How to Use Expert Advice},
 journal = {J. ACM},
 comment-issue_date = {May 1997},
 volume = 44,
 number = 3,
 comment-month = may,
 year = 1997,
 comment-issn = {0004-5411},
 pages = {427--485},
 comment-numpages = 59,
 comment-url = {http://doi.acm.org/10.1145/258128.258179},
 comment-doi = {10.1145/258128.258179},
 comment-acmid = 258179,
 comment-publisher = {ACM},
 comment-address = {New York, NY, USA},
 comment-keywords = {algorithms}
}

@InProceedings{ChernovVovk2010,
  Title                    = {Prediction with Advice of Unknown Number of Experts},
  Author                   = {Chernov, Alexey V. and Vovk, Vladimir},
  Booktitle                = {Proceedings of the 26th Conference on Uncertainty in Artificial Intelligence},
  Year                     = {2010},
  Pages                    = {117--125},
  Comment-editor           = {Gr\"unwald, Peter and Spirtes, Peter},
  Comment-publisher        = {AUAI Press}
}

@InProceedings{Zinkevich2003,
  Title                    = {Online Convex Programming and Generalized Infinitesimal Gradient Ascent},
  Author                   = {Martin Zinkevich},
  Booktitle                = {Proceedings of the 20th } # ICML,
  Year                     = {2003},
  Pages                    = {928--936},
  Bibsource                = {DBLP, http://dblp.uni-trier.de}
}

@Article{FreundSchapire1997,
  Title                    = {A Decision-Theoretic Generalization of On-Line Learning and an Application to Boosting},
  Author                   = {Yoav Freund and Robert E. Schapire},
  Journal                  = {Journal of Computer and System Sciences},
  Year                     = {1997}
}

@InProceedings{ChaudhuriFreundHsu2009,
  Title                    = {A Parameter-free Hedging Algorithm},
  Author                   = {Kamalika Chaudhuri and Yoav Freund and Daniel Hsu},
  Booktitle                = NIPS # { 22 ({NIPS} 2009)},
  Year                     = {2009},
  Pages                    = {297--305}
}

@inproceedings{FosterRakhlinSridharan2015,
title = {Adaptive Online Learning},
author = {Foster, Dylan J and Rakhlin, Alexander and Sridharan,
Karthik},
booktitle = NIPS # { 28 ({NIPS})},
comment-editor = {C. Cortes and N. D. Lawrence and D. D. Lee and M. Sugiyama and
R. Garnett},
pages = {3375--3383},
year = {2015},
comment-publisher = {Curran Associates, Inc.},
comment-url = {http://papers.nips.cc/paper/5844-adaptive-online-learning.pdf}
}

@InProceedings{GradualVariationInCosts2012,
  author =    {Chao-Kai Chiang and Tianbao Yang and Chia-Jung Le and Mehrdad Mahdavi and Chi-Jen Lu and Rong Jin and Shenghuo Zhu},
  title =     {Online Optimization with Gradual Variations},
  booktitle = {Proc.\ of the 25th } #COLT,
  year =      {2012},
  comment-volume =    {JMLR Workshop and Conf.\ Proceedings Volume 23},
  pages =     {6.1--6.20}
}

@article{hazan2010extracting,
  title={Extracting certainty from uncertainty: Regret bounded by variation in costs},
  author={Hazan, Elad and Kale, Satyen},
  journal={Machine learning},
  volume=80,
  number={2-3},
  pages={165--188},
  year=2010,
  publisher={Springer}
}

@InProceedings{RakhlinSridharan2013,
  title =        {Online Learning with Predictable Sequences},
  author =       {Alexander Rakhlin and Karthik Sridharan},
  booktitle =    {Proc.\ of the 26th } #COLT,
  pages =        {993--1019},
  year =         {2013},
  comment-editor =       {Shai Shalev-Shwartz and Ingo Steinwart},
  comment-volume =       {30},
  comment-series =       {Proceedings of Machine Learning Research},
  comment-oaddress =      {Princeton, NJ, USA},
  comment-month =        {12--14 Jun},
  comment-publisher =    {PMLR},
  comment-pdf =          {http://proceedings.mlr.press/v30/Rakhlin13.pdf},
  comment-url =          {http://proceedings.mlr.press/v30/Rakhlin13.html}
}



@InProceedings{FosterRakhlinSridharan2017,
  title =        {ZigZag: A New Approach to Adaptive Online Learning},
  author =       {Dylan J. Foster and Alexander Rakhlin and Karthik Sridharan},
  booktitle =    {Proc.\ of the 2017 } #COLT,
  pages =        {876--924},
  year =         {2017},
  comment-editor =       {Satyen Kale and Ohad Shamir},
  comment-volume =       {65},
  comment-series =       {Proceedings of Machine Learning Research},
  comment-address =      {Amsterdam, Netherlands},
  comment-month =        {07--10 Jul},
  comment-publisher =    {PMLR},
  comment-pdf =          {http://proceedings.mlr.press/v65/foster17a/foster17a.pdf},
  comment-url =          {http://proceedings.mlr.press/v65/foster17a.html},
}

@inproceedings{AdaNormalHedge,
  author    = {Haipeng Luo and
               Robert E. Schapire},
  title     = {Achieving All with No Parameters: Adaptive {N}ormal{H}edge},
  comment-month = Jun,
  year      = 2015,
    booktitle = {Proc.\ of The 28th } # COLT,
comment-editor    = {Peter Grünwald and Elad Hazan and Satyen Kale},
ee = {http://jmlr.org/proceedings/papers/v40/Luo15.pdf},
  pages = {1286--1304},
}


@string{uai17 = "Proceedings of the Thirty-Third Conference on Uncertainty in Artificial Intelligence (UAI '17)"}

@article{grunwald2016fast,
	title={Fast rates for general unbounded loss functions: from erm to generalized bayes},
	author={Gr{\"u}nwald, Peter D and Mehta, Nishant A},
	journal={arXiv preprint arXiv:1605.00252},
	year={2016}
}




@article{maurer2004,
  title={A note on the pac bayesian theorem},
  author={Maurer, Andreas},
  journal={arXiv preprint cs/0411099},
  year={2004}
}
@inproceedings{rivasplata2018pac,
	title={PAC-Bayes bounds for stable algorithms with instance-dependent priors},
	author={Rivasplata, Omar and Szepesvari, Csaba and Shawe-Taylor, John S and Parrado-Hernandez, Emilio and Sun, Shiliang},
	booktitle={Advances in Neural Information Processing Systems},
	pages={9214--9224},
	year={2018}
}
@article{mcallester1999some,
  title={Some pac-bayesian theorems},
  author={McAllester, David A.},
  journal={Machine Learning},
  volume={37},
  number={3},
  pages={355--363},
  year={1999},
  publisher={Springer}
}

@article{seeger2002pac,
  title={{PAC-Bayesian generalisation error bounds for Gaussian process classification}},
  author={Seeger, Matthias},
  journal={Journal of machine learning research},
  volume={3},
  number={Oct},
  pages={233--269},
  year={2002}
}

@incollection{dinh2016fast,
title = {Fast learning rates with heavy-tailed losses},
author = {Dinh, Vu C and Ho, Lam S and Nguyen, Binh and Nguyen, Duy},
booktitle = {Advances in Neural Information Processing Systems 29},
editor = {D. D. Lee and M. Sugiyama and U. V. Luxburg and I. Guyon and R. Garnett},
pages = {505--513},
year = {2016},
publisher = {Curran Associates, Inc.},
url = {http://papers.nips.cc/paper/6104-fast-learning-rates-with-heavy-tailed-losses.pdf}
}
@inproceedings{zhou2018,
  title={{Non-vacuous generalization bounds at the ImageNet scale: a PAC-Bayesian compression approach}},
  author={Zhou, Wenda and Veitch, Victor and Austern, Morgane and Adams, Ryan P.
and Orbanz, Peter},
  booktitle={ICLR},
  year={2019}
}

@misc{Dua:2019,
author = "Dua, Dheeru and Graff, Casey",
year = "2017",
title = "{UCI} Machine Learning Repository",
url = "http://archive.ics.uci.edu/ml",
institution = "University of California, Irvine, School of Information and Computer Sciences"
}

@inproceedings{dziugaite2017computing,
  title={Computing nonvacuous generalization bounds for deep (stochastic) neural networks with many more parameters than training data},
  author={Dziugaite, Gintare K. and Roy, Daniel M.},
  booktitle={UAI},
  year={2017}
}

@incollection{LangfordC02,
title = {({N}ot) Bounding the True Error},
author = {Langford, John and Caruana, Rich},
booktitle = {Advances in Neural Information Processing Systems 14},
editor = {T. G. Dietterich and S. Becker and Z. Ghahramani},
pages = {809--816},
year = {2002},
publisher = {MIT Press}
}

@inproceedings{lever2010distribution,
  title={Distribution-dependent PAC-Bayes priors},
  author={Lever, Guy and Laviolette, Fran{\c{c}}ois and Shawe-Taylor, John},
  booktitle={International Conference on Algorithmic Learning Theory},
  pages={119--133},
  year={2010},
  organization={Springer}
}


@article{cheney2017,
  title={On the Robustness of Convolutional Neural Networks to Internal Architecture and Weight Perturbations},
  author={Cheney, Nicholas and Schrimpf, Martin and Kreiman, Gabriel},
  journal={arXiv preprint arXiv:1703.08245},
  year={2017}
}


 

@inproceedings{hoeven2018,
	title={The Many Faces of Exponential Weights in Online Learning},
	author={{\VANDER{Hoeven}{Van der}{van der}}, Dirk and Van Erven, Tim  and Kot{\l}owski, Wojciech},
	booktitle={Conference On Learning Theory},
	pages={2067--2092},
	year={2018}
}
@article{bissiri2016general,
  title={A General Framework for Updating Belief Distributions},
  author={Bissiri, Pier and Holmes, Chris and Walker, Stephen},
  journal=jrssB,note={in press},
  year={2016}
}




@inproceedings{koolen2016combining,
  title={Combining adversarial guarantees and stochastic fast rates in online learning},
  author={Koolen, Wouter M. and Gr{\"u}nwald, Peter D. and van Erven, Tim},
  booktitle={Advances in Neural Information Processing Systems},
  pages={4457--4465},
  year={2016}
}

  
@article{HolmesW17,
  author = 	 {Holmes, Chris and   Walker, Stephen},
  title = 	 {Assigning a value to a power likelihood in a general Bayesian model},
  journal =  {arXiv preprint arXiv:1701.08515},
  year = 	 2017}

@Article{MartinMW16,
  author = 	 {R. Martin and R. Mess and S.G. Walker},
  title = 	 {Empirical {B}ayes posterior concentration in sparse high-dimensional linear models},
  journal = 	 {Bernoulli},
  year = 	 2016,
  note = 	 {to appear}}

@article{ramamoorthi2013posterior,
  title={On posterior concentration in misspecified models},
  author={Ramamoorthi, R. V. and Sriram, Karthik and Martin, Ryan},
  journal={arXiv preprint arXiv:1312.4620},
  year={2013}
}

@article{de2013bayesian,
  title={Bayesian asymptotics with misspecified models},
  author={De Blasi, Pierpaolo and Walker, Stephen G.},
  journal={Statistica Sinica},
  volume={23},
  pages={169--187},
  year={2013}
}


@article{walker2013bayesian,
  title={Bayesian inference with misspecified models},
  author={Walker, Stephen G.},
  journal={Journal of Statistical Planning and Inference},
  volume={143},
  number={10},
  pages={1621--1633},
  year={2013},
  publisher={Elsevier}
}


@Article{JiangT08,
  author = 	 {W. Jiang and M.A. Tanner},
  title = 	 {Gibbs posterior for variable selection in high-dimensional
classification and data mining},
  journal = 	 {Annals of Statistics},
  year = 	 2008,
  volume = 	 36,
  number = 	 5,
  pages = 	 {2207--2231}}

@ARTICLE{WatsonH16,
  author = {J. Watson and C. Holmes},
  title = {Approximate Models and Robust Decisions},
journal={Statistical Science},
note = {in press; preliminary version available as arXiv preprint arXiv:1402.6118},
  year = {2016}
}

@TechReport{MillerD15,
  author = 	 {J. Miller and D. Dunson},
  title = 	 {Robust {B}ayesian Inference via Coarsening},
  institution =  {arXiv},
  year = 	 2015,
  note = 	 {available at {\tt arXiv:1506.06101}}}


@Book{McCullaghN89,
  author = 	 {Peter McCullagh and John Nelder},
  title = 	 {Generalized Linear Models},
  publisher = 	 {Chapman and Hall/CRC},
  year = 	 1989,
  address = 	 {Boca Raton},
  edition = 	 {Second}}

@book{geer2000empirical,
  title={Empirical Processes in M-estimation},
  author={Van de Geer, Sara},
  volume=6,
  year=2000,
  publisher={Cambridge university press}
}

@Article{Birge04,
  author = 	 {Lucien Birg\'e},
  title = 	 {Model selection for {G}aussian regression with random design
},
  journal = 	 {Bernoulli},
  year = 	 2004,
  volume = 	 10,
  number = 	 6,
  pages = 	 {1039--1051}}

@Book{Grunwald07,
  author =	 {Peter D. Gr\"unwald},
  title = 	 {The Minimum Description Length Principle},
  publisher = 	 {MIT Press},
  year = 	 2007,
  address =	 {Cambridge, MA}
}

@TechReport{GrunwaldO14,
  author = 	 {P. D. Gr\"unwald and T. {V}an Ommen},
  title = 	 {Inconsistency of {B}ayesian Inference for Misspecified Linear Models, and a Proposal for Repairing It },
  institution =  {ArXiv/CoRR},
  number   = {abs/1502.08009},
  year = 	 2014,
  url       = {http://arxiv.org/abs/1502.08009},
  month =	 {December}
}



@book{Rissanen89,
AUTHOR = {Jorma Rissanen},
TITLE = {Stochastic Complexity in Statistical Inquiry},
PUBLISHER = {World Scientific},
address={Hackensack, NJ},
YEAR = {1989},
}
		  
@article{McAllester02,
  author = 	 {David A. McAllester},
  title = 	 {{PAC}-{B}ayesian Stochastic Model Selection},
  journal = 	 {Machine Learning},
  year = 	 2003,
  volume =	 51,
  number =	 1,
  pages =	 {5--21}
}
 

  @InProceedings{liang2015learning,
  author = 	 {Tengyuan Liang and Alexander Rakhlin and Karthik Sridharan},
  title = 	 {Learning with Square Loss: localization through Offset {R}ademacher Complexity },
  booktitle = 	 {Proceedings of The 27th Conference on Learning Theory (COLT 2015)},
  pages =	 {1260--1285},
  year =	 2015
}

@inproceedings{erven2012mixability,
  title={Mixability in statistical learning},
  author={{\VANDER{Erven}{Van}{van}} Erven, Tim and Gr{\"u}nwald, Peter D. and Reid, Mark D. and Williamson, Robert C.},
  booktitle={Advaces in Neural Information Processing Systems},
  pages={1691--1699},
  year={2012}
}

@article{grunwald2016fast,
  title={Fast rates for general unbounded loss functions: from {ERM} to generalized {B}ayes},
  author={Gr{\"u}nwald, Peter D. and Mehta, Nishant A.},
  journal={Journal of Machine Learning Research},
  note={accepted pending minor revision. Available as arXiv preprint arXiv:1605.00252},
  year={2019}
}

@inproceedings{mehta2014stochastic,
  title={From Stochastic Mixability to Fast Rates},
  author={Mehta, Nishant A. and Williamson, Robert C.},
  booktitle={Advances in Neural Information Processing Systems},
  pages={1197--1205},
  year={2014}
}

@article{erven2015fast,
  author  = { {\VANDER{Erven}{Van}{van}} Erven, Tim and Nishant A. Mehta and Mark D. Reid and Robert C. Williamson},
  title   = {Fast Rates in Statistical and Online Learning},
  journal = {Journal of Machine Learning Research},
  year    = 2015,
  volume  = 16,
  pages   = {1793-1861}
}

@article{kullback1951information,
  title={On Information and Sufficiency},
  author={Kullback, S. and Leibler, R.A.},
  journal={The Annals of Mathematical Statistics},
  volume={22},
  number={1},
  pages={79--86},
  year={1951},
  publisher={Institute of Mathematical Statistics}
}

@article{juditsky2008learning,
  title={Learning by mirror averaging},
  author={Juditsky, Anatoli and Rigollet, Philippe and Tsybakov, Alexandre B.},
  journal={The Annals of Statistics},
  volume={36},
  number={5},
  pages={2183--2206},
  year={2008},
  publisher={Institute of Mathematical Statistics}
}

@article{haussler1996rigorous,
  title={Rigorous learning curve bounds from statistical mechanics},
  author={Haussler, David and Kearns, Michael and Seung, H. Sebastian and Tishby, Naftali},
  journal={Machine Learning},
  volume={25},
  number={2-3},
  pages={195--236},
  year={1996},
  publisher={Springer}
}

@article{erven2014renyi,
  title={R{\'e}nyi divergence and {K}ullback-{L}eibler divergence},
  author={{\VANDER{Erven}{Van}{van}} Erven, Tim, and Harremo{\"e}s, Peter},
  journal={Information Theory, IEEE Transactions on},
  volume={60},
  number={7},
  pages={3797--3820},
  year={2014},
  publisher={IEEE}
}

@article{zhang2006information,
  title={Information-theoretic upper and lower bounds for statistical estimation},
  author={Zhang, Tong},
  journal={IEEE Transactions on Information Theory},
  volume={52},
  number={4},
  pages={1307--1321},
  year={2006},
  publisher={IEEE}
}

@article{zhang2006epsilon,
  title={From $\varepsilon$-entropy to {KL}-entropy: Analysis of minimum information complexity density estimation},
  author={Zhang, Tong},
  journal={The Annals of Statistics},
  volume={34},
  number={5},
  pages={2180--2210},
  year={2006},
  publisher={Institute of Mathematical Statistics}
}

@phdthesis{li1999estimation,
  title={Estimation of mixture models},
  author={Li, Jonathan Qiang},
  year={1999},
  school={Yale University}
}

@article{barron1991minimum,
  title={Minimum complexity density estimation},
  author={Barron, Andrew R. and Cover, Thomas M.},
  journal={Information Theory, IEEE Transactions on},
  volume={37},
  number={4},
  pages={1034--1054},
  year={1991},
  publisher={IEEE}
}

@article{catoni2003pac,
  title={A {PAC-B}ayesian approach to adaptive classification},
  author={Catoni, Olivier},
  journal={preprint},
  year={2003}
}

@inproceedings{vovk1990aggregating,
  title={Aggregating strategies},
  author={Vladimir Vovk},
  booktitle={Proceedings of the third annual workshop on Computational learning theory},
  pages={371--383},
  year={1990},
  organization={Morgan Kaufmann Publishers Inc.}
}

@article{rooij2014follow,
  title={Follow the Leader If You Can, Hedge If You Must},
  author={de Rooij, Steven and van Erven, Tim and Gr{\"u}nwald, Peter D. and Koolen, Wouter M.},
  journal={Journal of Machine Learning Research},
  volume={15},
  pages={1281--1316},
  year={2014}
}

@article{audibert2004pac,
  title={{PAC-B}ayesian statistical learning theory},
  author={Audibert, Jean-Yves},
  journal={These de doctorat de l’Universit{\'e} Paris},
  volume={6},
  pages={29},
  year={2004}
}

@book{catoni2007pac,
  title={{PAC-B}ayesian supervised classification: the thermodynamics of statistical learning},
  author={Catoni, Olivier},
  year={2007},
  publisher={IMS},
  series ={Lecture Notes-Monograph Series}
}

@inproceedings{cuong2013active,
  title={Active learning for probabilistic hypotheses using the maximum {G}ibbs error criterion},
  author={Cuong, Nguyen Viet and Lee, Wee Sun and Ye, Nan and Chai, Kian Ming A. and Chieu, Hai Leong},
  booktitle={Advances in Neural Information Processing Systems},
  pages={1457--1465},
  year={2013}
}

@inproceedings{langford2003pac,
  title={{PAC-B}ayes \& Margins},
  author={Langford, John and Shawe-Taylor, John},
  booktitle={Advances in Neural Information Processing Systems},
  pages={439--446},
  year={2003}
}

@article{grunwald2004game,
  title={Game theory, maximum entropy, minimum discrepancy and robust {B}ayesian decision theory},
  author={Gr{\"u}nwald, Peter D. and Dawid, A. Philip},
  journal={The Annals of Statistics},
  volume={32},
  number={4},
  pages={1367--1433},
  year={2004},
  publisher={Institute of Mathematical Statistics}
}

@book{rockafellar1970convex,
  author = 	 {R. Tyrrell Rockafellar},
  title = 	 {Convex Analysis},
address={Princeton, NJ},
  publisher = 	 {Princeton University Press},
  year = 	 1970
}

@article{csiszar1975divergence,
  title={{$I$}-Divergence Geometry of Probability Distributions and Minimization Problems},
  author={Imre Csiszar},
  journal={The Annals of Probability},
  volume={3},
  number={1},
  pages={146--158},
  year={1975},
  publisher={Institute of Mathematical Statistics}
}

@article{gibbs2002choosing,
  title={On choosing and bounding probability metrics},
  author={Gibbs, Alison L. and Su, Francis Edward},
  journal={International statistical review},
  volume={70},
  number={3},
  pages={419--435},
  year={2002},
  publisher={Wiley Online Library}
}

@article{kleijn2006misspecification,
  title={Misspecification in infinite-dimensional {B}ayesian statistics},
  author={Kleijn, B.J.K. and van der Vaart, A.W.},
  journal={The Annals of Statistics},
  volume={34},
  number={2},
  pages={837--877},
  year={2006},
  publisher={Institute of Mathematical Statistics}
}

@article{yang1999information,
  title={Information-theoretic determination of minimax rates of convergence},
  author={Yang, Yuhong and Barron, Andrew},
  journal={The Annals of Statistics},
  volume={27},
  number={5},
  pages={1564--1599},
  year={1999},
  publisher={Institute of Mathematical Statistics}
}

@article{grunwald2017tight,
  title={A tight excess risk bound via a unified pac-bayesian-rademacher-shtarkov-mdl complexity},
  author={Gr{\"u}nwald, Peter D. and Mehta, Nishant A.},
  journal={arXiv preprint arXiv:1710.07732},
  year={2017}
}

@article{birge1998minimum,
  title={Minimum contrast estimators on sieves: exponential bounds and rates of convergence},
  author={Birg{\'e}, Lucien and Massart, Pascal},
  journal={Bernoulli},
  volume=4,
  number=3,
  pages={329--375},
  year=1998,
  publisher={Bernoulli Society for Mathematical Statistics and Probability}
}

@article{audibert2009fast,
  title={Fast learning rates in statistical inference through aggregation},
  author={Audibert, Jean-Yves},
  journal={The Annals of Statistics},
  volume={37},
  number={4},
  pages={1591--1646},
  year={2009},
  publisher={Institute of Mathematical Statistics}
}

@article{amari1985differential,
  title={Differential-Geometrical Methods in Statistics},
  author={Amari, Shun-ichi},
  journal={Lecture Notes in Statistics},
  volume={28},
  year={1985},
  publisher={Springer}
}

@article{amari2000methods,
  title={Methods of information geometry, volume 191 of Translations of Mathematical Monographs},
  author={Amari, Shun-ichi and Nagaoka, Hiroshi},
  journal={American Mathematical Society},
  pages={13},
  year={2000}
}

@article{liese2006divergences,
  title={On divergences and informations in statistics and information theory},
  author={Liese, Friedrich and Vajda, Igor},
  journal={Information Theory, IEEE Transactions on},
  volume={52},
  number={10},
  pages={4394--4412},
  year={2006},
  publisher={IEEE}
}

@inproceedings{grunwald1999viewing,
  title={Viewing all models as “probabilistic”},
  author={Gr{\"u}nwald, Peter D.},
  booktitle={Proceedings of the twelfth annual conference on Computational learning theory},
  pages={171--182},
  year={1999},
  organization={ACM}
}

@inproceedings{mendelson2014learning-a,
  title={Learning without concentration},
  author={Mendelson, Shahar},
  booktitle={Proceedings of The 27th Conference on Learning Theory},
  pages={25--39},
  year={2014}
}

@article{mendelson2014learning-b,
  title={Learning without concentration for general loss functions},
  author={Mendelson, Shahar},
  journal={arXiv preprint arXiv:1410.3192},
  year={2014}
}

@article{bartlett2005local,
  title={Local Rademacher complexities},
  author={Bartlett, Peter L. and Bousquet, Olivier and Mendelson, Shahar},
  journal={The Annals of Statistics},
  volume={33},
  number={4},
  pages={1497--1537},
  year={2005},
  publisher={Institute of Mathematical Statistics}
}

@article{koltchinskii2015bounding,
  title={Bounding the smallest singular value of a random matrix without concentration},
  author={Koltchinskii, Vladimir and Mendelson, Shahar},
  journal={International Mathematics Research Notices},
  pages={rnv096},
  year={2015},
  publisher={Oxford University Press}
}


@book{vapnik1995nature,
  title={The nature of statistical learning theory},
  author={Vapnik, Vladimir N.},
  year={1995},
  publisher={Springer-Verlag New York, Inc.}
}

@article{yamanishi1998decision,
  title={A decision-theoretic extension of stochastic complexity and its applications to learning},
  author={Yamanishi, Kenji},
  journal={Information Theory, IEEE Transactions on},
  volume={44},
  number={4},
  pages={1424--1439},
  year={1998},
  publisher={IEEE}
}

@inproceedings{audibert2007progressive,
  title={Progressive mixture rules are deviation suboptimal.},
  author={Audibert, Jean-Yves},
  booktitle={NIPS},
  year={2007}
}

@article{audibert2007combining,
  title={Combining PAC-Bayesian and Generic Chaining Bounds},
  author={Audibert, Jean-Yves and Bousquet, Olivier},
  journal={Journal of Machine Learning Research},
  volume={8},
  pages={863--889},
  year={2007}
}


@InProceedings{Grunwald12,
  author = 	 {Peter D. Gr{\"u}nwald},
  title = 	 {The Safe {B}ayesian: learning the learning rate via the mixability gap},
  booktitle = 	 {Proceedings 23rd International Conference on Algorithmic Learning Theory (ALT '12)},
  year =	 2012,
  publisher =	 {Springer}
}


@inproceedings{grunwald2011safe,
  title={Safe Learning: bridging the gap between Bayes, MDL and statistical learning theory via empirical convexity.},
  author={Peter D. Gr{\"u}nwald},
  booktitle={COLT},
  pages={397--420},
  year={2011}
}



@article{bartlett2006empirical,
  title={Empirical minimization},
  author={Bartlett, Peter L. and Mendelson, Shahar},
  journal={Probability Theory and Related Fields},
  volume={135},
  number={3},
  pages={311--334},
  year={2006},
  publisher={Springer}
}

@article{tsybakov2004optimal,
  title={Optimal aggregation of classifiers in statistical learning},
  author={Tsybakov, Alexandre B.},
  journal={The Annals of Statistics},
  volume={32},
  number={1},
  pages={135--166},
  year={2004},
  publisher={Institute of Mathematical Statistics}
}

@article{yang1998asymptotic,
  title={An asymptotic property of model selection criteria},
  author={Yang, Yuhong and Barron, Andrew R},
  journal={Information Theory, IEEE Transactions on},
  volume={44},
  number={1},
  pages={95--116},
  year={1998},
  publisher={IEEE}
}

@article{wong1995probability,
  title={Probability Inequalities for Likelihood Ratios and Convergence Rates of Sieve MLES},
  author={Wong, Wing Hung and Shen, Xiaotong},
  journal={The Annals of Statistics},
  volume={23},
  number={2},
  pages={339--362},
  year={1995},
  publisher={Institute of Mathematical Statistics}
}

@article{mendelson2015aggregation,
  title={On aggregation for heavy-tailed classes},
  author={Mendelson, Shahar},
  journal={arXiv preprint arXiv:1502.07097},
  year={2015}
}

@article{hoorfar2008inequalities,
author = {Hoorfar, Abdolhossein and Hassani, Mehdi},
journal = {JIPAM. Journal of Inequalities in Pure \& Applied Mathematics [electronic only]},
keywords = {Lambert function; hyperpower function; special function; inequality; Lambert function},
language = {eng},
number = {2},
pages = {Paper No. 51, 5 p.},
publisher = {Victoria University, School of Communications and Informatics},
title = {Inequalities on the Lambert function and hyperpower function.},
volume = {9},
year = {2008}
}

@article{birge1983approximation,
  title={Approximation dans les espaces m{\'e}triques et th{\'e}orie de l'estimation},
  author={Birg{\'e}, Lucien},
  journal={Zeitschrift f{\"u}r Wahrscheinlichkeitstheorie und verwandte Gebiete},
  volume={65},
  number={2},
  pages={181--237},
  year={1983},
  publisher={Springer}
}

@article{sason2016f,
  title={$f$-Divergence Inequalities},
  author={Sason, Igal and Verd{\'u}, Sergio},
  journal={IEEE Transactions on Information Theory},
  volume={62},
  number={11},
  pages={5973--6006},
  year={2016},
  publisher={IEEE}
}


@article{haussler1997mutual,
  title={Mutual information, metric entropy and cumulative relative entropy risk},
  author={Haussler, David and Opper, Manfred},
  journal={The Annals of Statistics},
  volume={25},
  number={6},
  pages={2451--2492},
  year={1997},
  publisher={Institute of Mathematical Statistics}
}



@Article{GhosalLV08,
  author = 	 {S. Ghosal and J. Lember and A. van der Vaart},
  title = 	 {Nonparametric {B}ayesian model selection and averaging},
  journal = 	 {Electronic Journal of Statistics},
  year = 	 2008,
  volume =	 2,
  pages =	 {63--89}
}

@Article{SeegerKF08,
  author = 	 {M. Seeger and S. Kakade and D. Foster},
  title = 	 {Information Consistency of Nonparametric {G}aussian Process Methods},
  journal = 	 {IEEE Transactions on Information Theory},
  year = 	 2008,
  volume =	 54,
  number =	 5,
  pages =	 {2376--2382}
}

@PhdThesis{Li99,
  author = 	 {J.Q. Li},
  title = 	 {Estimation of Mixture Models},
  school = 	 {Yale University},
address={New Haven, CT},
  year = 	 1999
}

@book{BarndorffNielsen78,
  author =	 {O.E. Barndorff-Nielsen},
  title = 	 {Information and Exponential Families in Statistical Theory
},
  publisher = 	 {Wiley},
  year = 	 1978,
  address =	 {Chichester, UK}
}

@article{catoni2012challenging,
  title={Challenging the empirical mean and empirical variance: a deviation study},
  author={Catoni, Olivier and others},
  journal={Annales de l'Institut Henri Poincar{\'e}, Probabilit{\'e}s et Statistiques},
  volume={48},
  number={4},
  pages={1148--1185},
  year={2012},
  organization={Institut Henri Poincar{\'e}}
}

@article{bickel2012semiparametric,
  title={The semiparametric Bernstein--von Mises theorem},
  author={Bickel, PJ and Kleijn, BJK},
  journal={The Annals of Statistics},
  volume={40},
  number={1},
  pages={206--237},
  year={2012},
  publisher={Institute of Mathematical Statistics}
}



@inproceedings{mehta2017fast,
  title={Fast rates with high probability in exp-concave statistical learning},
  author={Mehta, Nishant},
  booktitle={Artificial Intelligence and Statistics},
  pages={1085--1093},
  year={2017}
}



@ARTICLE{linecrossing,
   author = {Steve Howard and Aaditya Ramdas and John McAuliffe and Jasjeet Sekhon},
    title = "{Exponential line-crossing inequalities}",
  journal = {ArXiv e-prints},
archivePrefix = "arXiv",
   eprint = {1808.03204},
 primaryClass = "math.PR",
 keywords = {Mathematics - Probability},
     year = 2018,
    month = aug,
}